@online{siek2012ECD,
	author = {Siek, Jeremy G.},
	title = {My new favorite abstract machine: ECD on ANF},
	url = {http://siek.blogspot.com/2012/07/my-new-favorite-abstract-machine-ecd-on.html},
	urldate = {2020-10-11},
	year = 2012
}

@inproceedings{Siek:2015:BCT:2737924.2737968,
	acmid = {2737968},
	address = {New York, NY, USA},
	author = {Siek, Jeremy and Thiemann, Peter and Wadler, Philip},
	booktitle = {Proceedings of the 36th ACM SIGPLAN Conference on Programming Language Design and Implementation},
	doi = {10.1145/2737924.2737968},
	isbn = {978-1-4503-3468-6},
	keywords = {Blame; gradual typing; lambda calculus},
	location = {Portland, OR, USA},
	numpages = {11},
	pages = {425--435},
	publisher = {ACM},
	series = {PLDI '15},
	title = {Blame and Coercion: Together Again for the First Time},
	url = {http://doi.acm.org/10.1145/2737924.2737968},
	year = {2015}
}

@inproceedings{Siek:2010:TWB:1706299.1706342,
	acmid = {1706342},
	address = {New York, NY, USA},
	author = {Siek, Jeremy G. and Wadler, Philip},
	booktitle = {Proceedings of the 37th Annual ACM SIGPLAN-SIGACT Symposium on Principles of Programming Languages},
	doi = {10.1145/1706299.1706342},
	isbn = {978-1-60558-479-9},
	keywords = {blame tracking; casts; coercions; lambda-calculus},
	location = {Madrid, Spain},
	numpages = {12},
	pages = {365--376},
	publisher = {ACM},
	series = {POPL '10},
	title = {Threesomes, with and Without Blame},
	url = {http://doi.acm.org/10.1145/1706299.1706342},
	year = {2010}
}

@inproceedings{Garcia:2013:CTB:2500365.2500603,
	acmid = {2500603},
	address = {New York, NY, USA},
	author = {Garcia, Ronald},
	booktitle = {Proceedings of the 18th ACM SIGPLAN International Conference on Functional Programming},
	doi = {10.1145/2500365.2500603},
	isbn = {978-1-4503-2326-0},
	keywords = {casts; coercions; labeled types; space efficiency; threesomes},
	location = {Boston, Massachusetts, USA},
	numpages = {12},
	pages = {417--428},
	publisher = {ACM},
	series = {ICFP '13},
	title = {Calculating Threesomes, with Blame},
	url = {http://doi.acm.org/10.1145/2500365.2500603},
	year = {2013}
}

@article{herman2010space,
	author = {Herman, David and Tomb, Aaron and Flanagan, Cormac},
	journal = {Higher-Order and Symbolic Computation},
	number = {2},
	pages = {167},
	publisher = {Springer},
	title = {Space-efficient gradual typing},
	volume = {23},
	year = {2010}
}

@inproceedings{siek2006gradual,
	author = {Siek, Jeremy G and Taha, Walid},
	booktitle = {Scheme and Functional Programming Workshop},
	pages = {81--92},
	title = {Gradual typing for functional languages},
	volume = {6},
	year = {2006}
}

@article{henglein1994dynamic,
	author = {Henglein, Fritz},
	journal = {Science of Computer Programming},
	number = {3},
	pages = {197--230},
	publisher = {Elsevier},
	title = {Dynamic typing: Syntax and proof theory},
	volume = {22},
	year = {1994}
}

@inproceedings{wadler2009well,
	author = {Wadler, Philip and Findler, Robert Bruce},
	booktitle = {European Symposium on Programming},
	organization = {Springer},
	pages = {1--16},
	title = {Well-typed programs can{\rq}t be blamed},
	year = {2009}
}

@inproceedings{siek2009exploring,
	author = {Siek, Jeremy and Garcia, Ronald and Taha, Walid},
	booktitle = {European Symposium on Programming},
	organization = {Springer},
	pages = {17--31},
	title = {Exploring the design space of higher-order casts},
	year = {2009}
}

@article{new2019gradual,
	author = {New, Max S and Licata, Daniel R and Ahmed, Amal},
	journal = {Proceedings of the ACM on Programming Languages},
	number = {POPL},
	pages = {15},
	publisher = {ACM},
	title = {Gradual type theory},
	volume = {3},
	year = {2019}
}

@inproceedings{kuhlenschmidt2018efficient,
	author = {Kuhlenschmidt, Andre and Almahallawi, Deyaaeldeen and Siek, Jeremy G},
	booktitle = {Scheme and Functional Programming Workshop},
	title = {An efficient compiler for the gradually typed lambda calculus},
	volume = {18},
	year = {2018}
}

@inproceedings{siek2012interpretations,
	author = {Siek, Jeremy G and Garcia, Ronald},
	booktitle = {Proceedings of the 2012 Annual Workshop on Scheme and Functional Programming},
	organization = {ACM},
	pages = {68--80},
	title = {Interpretations of the gradually-typed lambda calculus},
	year = {2012}
}

@book{felleisen1986control,
	author = {Felleisen, Matthias and Friedman, Daniel P},
	publisher = {Indiana University, Computer Science Department},
	title = {Control Operators, the SECD-machine, and the [1]-calculus},
	year = {1986}
}

@article{knowles2010hybrid,
	author = {Knowles, Kenneth and Flanagan, Cormac},
	journal = {ACM Transactions on Programming Languages and Systems (TOPLAS)},
	number = {2},
	pages = {6},
	publisher = {ACM},
	title = {Hybrid type checking},
	volume = {32},
	year = {2010}
}

@inproceedings{gronski2006sage,
	author = {Gronski, Jessica and Knowles, Kenneth and Tomb, Aaron and Freund, Stephen N and Flanagan, Cormac},
	booktitle = {Scheme and Functional Programming Workshop},
	pages = {93--104},
	title = {Sage: Hybrid checking for flexible specifications},
	volume = {6},
	year = {2006}
}

@incollection{ou2004dynamic,
	author = {Ou, Xinming and Tan, Gang and Mandelbaum, Yitzhak and Walker, David},
	booktitle = {Exploring new frontiers of theoretical informatics},
	pages = {437--450},
	publisher = {Springer},
	title = {Dynamic typing with dependent types},
	year = {2004}
}

@inproceedings{matthews2007operational,
	author = {Matthews, Jacob and Findler, Robert Bruce},
	booktitle = {34th ACM SIGPLAN-SIGACT Symposium on Principles of Programming Languages},
	pages = {3--10},
	title = {Operational semantics for multi-language programs},
	year = {2007}
}

@inproceedings{bracha2004pluggable,
	author = {Bracha, Gilad},
	booktitle = {OOPSLA workshop on revival of dynamic languages},
	title = {Pluggable type systems},
	volume = {4},
	year = {2004}
}

@inproceedings{meijer2005static,
	author = {Meijer, Erik and Drayton, Peter},
	booktitle = {Workshop on Revival of Dynamic Languages},
	title = {Static typing where possible, dynamic typing when needed},
	year = {2005}
}

@inproceedings{bove2009brief,
	author = {Bove, Ana and Dybjer, Peter and Norell, Ulf},
	booktitle = {International Conference on Theorem Proving in Higher Order Logics},
	organization = {Springer},
	pages = {73--78},
	title = {A brief overview of Agda--a functional language with dependent types},
	year = {2009}
}

@inproceedings{tobin2006interlanguage,
	author = {Tobin-Hochstadt, Sam and Felleisen, Matthias},
	booktitle = {Companion to the 21st ACM SIGPLAN symposium on Object-oriented programming systems, languages, and applications},
	pages = {964--974},
	title = {Interlanguage migration: from scripts to programs},
	year = {2006}
}

@inproceedings{siek2015refined,
	author = {Siek, Jeremy G and Vitousek, Michael M and Cimini, Matteo and Boyland, John Tang},
	booktitle = {1st Summit on Advances in Programming Languages (SNAPL 2015)},
	organization = {Schloss Dagstuhl-Leibniz-Zentrum fuer Informatik},
	title = {Refined criteria for gradual typing},
	year = {2015}
}

@inproceedings{bierman2014understanding,
	author = {Bierman, Gavin and Abadi, Mart\'{\i}n and Torgersen, Mads},
	booktitle = {European Conference on Object-Oriented Programming},
	organization = {Springer},
	pages = {257--281},
	title = {Understanding typescript},
	year = {2014}
}

@inproceedings{vitousek2014design,
	author = {Vitousek, Michael M and Kent, Andrew M and Siek, Jeremy G and Baker, Jim},
	booktitle = {Proceedings of the 10th ACM Symposium on Dynamic languages},
	pages = {45--56},
	title = {Design and evaluation of gradual typing for Python},
	year = {2014}
}

@article{cimini2016gradualizer,
	author = {Cimini, Matteo and Siek, Jeremy G},
	journal = {ACM SIGPLAN Notices},
	number = {1},
	pages = {443--455},
	publisher = {ACM New York, NY, USA},
	title = {The gradualizer: a methodology and algorithm for generating gradual type systems},
	volume = {51},
	year = {2016}
}

@article{garcia2016abstracting,
	author = {Garcia, Ronald and Clark, Alison M and Tanter, {\'E}ric},
	journal = {ACM SIGPLAN Notices},
	number = {1},
	pages = {429--442},
	publisher = {ACM New York, NY, USA},
	title = {Abstracting gradual typing},
	volume = {51},
	year = {2016}
}

@inproceedings{takikawa2016sound,
	author = {Takikawa, Asumu and Feltey, Daniel and Greenman, Ben and New, Max S and Vitek, Jan and Felleisen, Matthias},
	booktitle = {Proceedings of the 43rd Annual ACM SIGPLAN-SIGACT Symposium on Principles of Programming Languages},
	pages = {456--468},
	title = {Is sound gradual typing dead?},
	year = {2016}
}

@article{castagna2017gradual,
	author = {Castagna, Giuseppe and Lanvin, Victor},
	journal = {Proceedings of the ACM on Programming Languages},
	number = {ICFP},
	pages = {1--28},
	publisher = {ACM New York, NY, USA},
	title = {Gradual typing with union and intersection types},
	volume = {1},
	year = {2017}
}

@inproceedings{garcia2014deriving,
	author = {Garc\'{\i}a-P{\'e}rez, {\'A}lvaro and Nogueira, Pablo and Sergey, Ilya},
	booktitle = {Proceedings of the ACM SIGPLAN 2014 Workshop on Partial Evaluation and Program Manipulation},
	pages = {157--168},
	title = {Deriving interpretations of the gradually-typed lambda calculus},
	year = {2014}
}

@inproceedings{kuhlenschmidt2019toward,
	author = {Kuhlenschmidt, Andre and Almahallawi, Deyaaeldeen and Siek, Jeremy G},
	booktitle = {Proceedings of the 40th ACM SIGPLAN Conference on Programming Language Design and Implementation},
	pages = {517--532},
	title = {Toward efficient gradual typing for structural types via coercions},
	year = {2019}
}

@inproceedings{findler2002contracts,
	author = {Findler, Robert Bruce and Felleisen, Matthias},
	booktitle = {Proceedings of the seventh ACM SIGPLAN international conference on Functional programming},
	pages = {48--59},
	title = {Contracts for higher-order functions},
	year = {2002}
}

@inproceedings{norell2008dependently,
	author = {Norell, Ulf},
	booktitle = {International school on advanced functional programming},
	organization = {Springer},
	pages = {230--266},
	title = {Dependently typed programming in Agda},
	year = {2008}
}

@misc{siek2020mechanized,
	archiveprefix = {arXiv},
	author = {Siek, Jeremy G.},
	eprint = {2001.11560},
	primaryclass = {cs.PL},
	title = {Toward a Mechanized Compendium of Gradual Typing},
	year = {2020}
}

@misc{almahallawi19,
	author = {Almahallawi, Deyaaeldeen},
	title = {Private Communication},
	year = 2019
}

@article{breazu1991inheritance,
	author = {Breazu-Tannen, Val and Coquand, Thierry and Gunter, Carl A and Scedrov, Andre},
	journal = {Information and computation},
	number = {1},
	pages = {172--221},
	publisher = {Elsevier},
	title = {Inheritance as implicit coercion},
	volume = {93},
	year = {1991}
}

@inproceedings{breazu1990computing,
	author = {Breazu-Tannen, Val and Gunter, Carl A and Scedrov, Andre},
	booktitle = {Proceedings of the 1990 ACM conference on LISP and functional programming},
	pages = {44--60},
	title = {Computing with coercions},
	year = {1990}
}

